<?xml version="1.0" encoding="UTF-8"?><collection xmlns="http://www.loc.gov/MARC21/slim"><record><leader>00657nam--2200217-u-4500</leader><controlfield tag="001">000053382</controlfield><controlfield tag="002">20161230</controlfield><controlfield tag="005">20161230201051</controlfield><controlfield tag="008">110323s1000------------r-----000-0-eng-d</controlfield><datafield ind1=" " ind2=" " tag="020"><subfield code="a">1584883804</subfield></datafield><datafield ind1=" " ind2=" " tag="040"><subfield code="a">IFIN-HH</subfield></datafield><datafield ind1=" " ind2=" " tag="080"><subfield code="a">530.1:51-7</subfield></datafield><datafield ind1="1" ind2=" " tag="100"><subfield code="a">Chowdhury, Asesh Roy</subfield></datafield><datafield ind1="1" ind2="0" tag="245"><subfield code="a">Quantum integrable systems</subfield><subfield code="c">Asesh roy chowdhury; anindya ghose choudhury</subfield></datafield><datafield ind1=" " ind2=" " tag="260"><subfield code="a">Boca Raton, Florida</subfield><subfield code="b">Chapman &amp; Hall/Crc</subfield><subfield code="c">2004p</subfield></datafield><datafield ind1=" " ind2=" " tag="300"><subfield code="a">412P</subfield></datafield><datafield ind1=" " ind2=" " tag="490"><subfield code="a">Chapman &amp; Hall/Crc Research Notes In Mathematics</subfield><subfield code="v">Vol. 435</subfield></datafield><datafield ind1=" " ind2="4" tag="650"><subfield code="a">Mathematical Physics</subfield></datafield><datafield ind1="1" ind2=" " tag="700"><subfield code="a">Choudhury, Anindya Ghose</subfield></datafield><datafield ind1=" " ind2=" " tag="852"><subfield code="a">81571</subfield><subfield code="c">530.1</subfield></datafield><datafield ind1=" " ind2=" " tag="CAT"><subfield code="a">Sys</subfield><subfield code="c">20110323</subfield><subfield code="h">130529</subfield></datafield></record></collection>